@Article{sketchanet,
  author        = {Qian Yu and Yongxin Yang and Yi-Zhe Song and Tao Xiang and Timothy Hospedales},
  title         = {Sketch-a-Net that Beats Humans},
  year          = {2015},
  month         = jan,
  archiveprefix = {arXiv},
  eprint        = {1501.07873},
  file          = {:http\://arxiv.org/pdf/1501.07873v3:PDF},
  keywords      = {cs.CV, cs.NE},
  primaryclass  = {cs.CV},
}

@Article{pix2seq,
  author    = {Sicong Zang and Shikui Tu and Lei Xu},
  journal   = {Neural Networks},
  title     = {Controllable stroke-based sketch synthesis from a self-organized latent space},
  year      = {2021},
  month     = {may},
  pages     = {138--150},
  volume    = {137},
  doi       = {10.1016/j.neunet.2021.01.006},
  publisher = {Elsevier {BV}},
}

@Article{sketchrnn,
  author        = {David Ha and Douglas Eck},
  title         = {A Neural Representation of Sketch Drawings},
  year          = {2017},
  month         = apr,
  eprint        = {1704.03477},
  file          = {:http\://arxiv.org/pdf/1704.03477v4:PDF},
  keywords      = {cs.NE, cs.LG, stat.ML},
  primaryclass  = {cs.NE},
}

@InProceedings{livesketch,
  author    = {John Collomosse and Tu Bui and Hailin Jin},
  booktitle = {2019 {IEEE}/{CVF} Conference on Computer Vision and Pattern Recognition ({CVPR})},
  title     = {{LiveSketch}: Query Perturbations for Guided Sketch-Based Visual Search},
  year      = {2019},
  month     = {jun},
  publisher = {{IEEE}},
  doi       = {10.1109/cvpr.2019.00299},
}

@Article{bilstm,
  author    = {M. Schuster and K.K. Paliwal},
  journal   = {{IEEE} Transactions on Signal Processing},
  title     = {Bidirectional recurrent neural networks},
  year      = {1997},
  number    = {11},
  pages     = {2673--2681},
  volume    = {45},
  doi       = {10.1109/78.650093},
  publisher = {Institute of Electrical and Electronics Engineers ({IEEE})},
}

@InProceedings{sketchmate,
  author    = {Peng Xu and Yongye Huang and Tongtong Yuan and Kaiyue Pang and Yi-Zhe Song and Tao Xiang and Timothy M. Hospedales and Zhanyu Ma and Jun Guo},
  booktitle = {2018 {IEEE}/{CVF} Conference on Computer Vision and Pattern Recognition},
  title     = {{SketchMate}: Deep Hashing for Million-Scale Human Sketch Retrieval},
  year      = {2018},
  month     = {jun},
  publisher = {{IEEE}},
  doi       = {10.1109/cvpr.2018.00844},
}

@Article{alexnet,
  author    = {Alex Krizhevsky and Ilya Sutskever and Geoffrey E. Hinton},
  journal   = {Communications of the {ACM}},
  title     = {{ImageNet} classification with deep convolutional neural networks},
  year      = {2017},
  month     = {may},
  number    = {6},
  pages     = {84--90},
  volume    = {60},
  doi       = {10.1145/3065386},
  publisher = {Association for Computing Machinery ({ACM})},
}

@Article{resnet,
  author        = {Kaiming He and Xiangyu Zhang and Shaoqing Ren and Jian Sun},
  title         = {Deep Residual Learning for Image Recognition},
  year          = {2015},
  month         = dec,
  archiveprefix = {arXiv},
  eprint        = {1512.03385},
  file          = {:http\://arxiv.org/pdf/1512.03385v1:PDF},
  keywords      = {cs.CV},
  primaryclass  = {cs.CV},
}

